<?xml version="1.0" encoding="UTF-8"?><collection xmlns="http://www.loc.gov/MARC21/slim"><record><leader>00555nam--2200181-i-4500</leader><controlfield tag="001">000046326</controlfield><controlfield tag="002">20161230</controlfield><controlfield tag="005">20170128195719</controlfield><controlfield tag="008">060222s1000------------r-----000-0-eng-d</controlfield><datafield ind1=" " ind2=" " tag="040"><subfield code="a">IFIN-HH</subfield></datafield><datafield ind1=" " ind2=" " tag="080"><subfield code="a">539.124.6(047.3)</subfield></datafield><datafield ind1="1" ind2=" " tag="100"><subfield code="a">Gatto, R</subfield></datafield><datafield ind1="1" ind2="0" tag="245"><subfield code="a">Inclusive distributiion for heavy lepton production and decay in electron-positron collisions</subfield><subfield code="c">R. Gatto, I. Vendramin</subfield></datafield><datafield ind1=" " ind2=" " tag="260"><subfield code="a">Geneve</subfield><subfield code="b">Departement De Physique Theorique</subfield><subfield code="c">1976</subfield></datafield><datafield ind1=" " ind2=" " tag="300"><subfield code="a">15 p.+ 7 FIG</subfield></datafield><datafield ind1="1" ind2=" " tag="700"><subfield code="a">Vendramin, I</subfield></datafield><datafield ind1=" " ind2=" " tag="852"><subfield code="a">44204</subfield><subfield code="c">539.12</subfield></datafield><datafield ind1=" " ind2=" " tag="CAT"><subfield code="a">SYS</subfield><subfield code="c">20170128</subfield><subfield code="h">195719</subfield></datafield></record></collection>